@INPROCEEDINGS{Lin2022,
  title     = {{c3}-Locally Testable Codes from Lossless Expanders},
  author    = {Lin, Ting-Chun and Hsieh, Min-Hsiu},
  booktitle = {International Symposium on Information Theory (ISIT)},
  pages     = {1175--1180},
  date      = {2022-06},
  doi       = {10.1109/ISIT50566.2022.9834679},
  issn      = {2157-8117},
  url       = {http://dx.doi.org/10.1109/ISIT50566.2022.9834679}
}

@INPROCEEDINGS{PK22,
  title     = {Asymptotically good Quantum and locally testable classical {LDPC}
               codes},
  author    = {Panteleev, Pavel and Kalachev, Gleb},
  booktitle = {Symposium on Theory of Computing (STOC)},
  publisher = {Association for Computing Machinery},
  location  = {New York, NY, USA},
  venue     = {Rome, Italy},
  pages     = {375--388},
  date      = {2022-06-10},
  doi       = {10.1145/3519935.3520017},
  isbn      = {9781450392648},
  series    = {STOC 2022},
  url       = {https://doi.org/10.1145/3519935.3520017},
  urldate   = {2023-06-28}
}

@INPROCEEDINGS{DELLM22,
  title     = {Locally testable codes with constant rate, distance, and locality},
  author    = {Dinur, Irit and Evra, Shai and Livne, Ron and Lubotzky, Alexander
               and Mozes, Shahar},
  booktitle = {Symposium on Theory of Computing (STOC)},
  publisher = {Association for Computing Machinery},
  location  = {New York, NY, USA},
  pages     = {357--374},
  date      = {2022-06-09},
  doi       = {10.1145/3519935.3520024},
  series    = {STOC 2022},
  url       = {https://doi.org/10.1145/3519935.3520024},
  urldate   = {2022-08-29}
}


@ARTICLE{GS06,
  title        = {Locally testable codes and {PCPs} of almost-linear length},
  author       = {Goldreich, Oded and Sudan, Madhu},
  journaltitle = {Journal of the ACM},
  publisher    = {Association for Computing Machinery},
  location     = {New York, NY, USA},
  volume       = {53},
  issue        = {4},
  pages        = {558--655},
  date         = {2006-07-01},
  doi          = {10.1145/1162349.1162351},
  issn         = {0004-5411},
  url          = {https://doi.org/10.1145/1162349.1162351},
}


@INBOOK{Gol10,
  title     = {Short Locally Testable Codes and Proofs: A Survey in Two Parts},
  author    = {Goldreich, Oded},
  editor    = {Goldreich, Oded},
  booktitle = {Property Testing: Current Research and Surveys},
  publisher = {Springer Berlin Heidelberg},
  location  = {Berlin, Heidelberg},
  pages     = {65--104},
  date      = {2010},
  doi       = {10.1007/978-3-642-16367-8_6},
  isbn      = {9783642163678},
  url       = {https://doi.org/10.1007/978-3-642-16367-8_6}
}


@INPROCEEDINGS{Shamir90,
  title      = {{IP=PSPACE} (interactive proof=polynomial space)},
  author     = {Shamir, A},
  booktitle  = {Proceedings [1990] 31st Annual Symposium on Foundations of
                Computer Science},
  publisher  = {IEEE Comput. Soc. Press},
  eventtitle = {31st Annual Symposium on Foundations of Computer Science},
  venue      = {St. Louis, MO, USA},
  pages      = {11--15 vol.1},
  date       = {2002},
  doi        = {10.1109/fscs.1990.89519},
  isbn       = {9780818620829},
  url        = {http://dx.doi.org/10.1109/FSCS.1990.89519}
}


@INPROCEEDINGS{LFKN90,
  title      = {Algebraic methods for interactive proof systems},
  author     = {Lund, C and Fortnow, L and Karloff, H and Nisan, N},
  booktitle  = {Proceedings [1990] 31st Annual Symposium on Foundations of
                Computer Science},
  publisher  = {IEEE Comput. Soc. Press},
  eventtitle = {[1990] 31st Annual Symposium on Foundations of Computer Science},
  venue      = {St. Louis, MO, USA},
  pages      = {2--10 vol.1},
  date       = {2002},
  doi        = {10.1109/fscs.1990.89518},
  isbn       = {9780818620829},
  url        = {http://dx.doi.org/10.1109/FSCS.1990.89518}
}


@INPROCEEDINGS{GMW86,
  title      = {Proofs that yield nothing but their validity and a methodology
                of cryptographic protocol design},
  author     = {Goldreich, Oded and Micali, Silvio and Wigderson, Avi},
  booktitle  = {27th Annual Symposium on Foundations of Computer Science (sfcs
                1986)},
  publisher  = {IEEE},
  eventtitle = {27th Annual Symposium on Foundations of Computer Science (sfcs
                1986)},
  venue      = {Toronto, ON, Canada},
  pages      = {174--187},
  date       = {1986-10},
  doi        = {10.1109/sfcs.1986.47},
  issn       = {0272-5428},
  isbn       = {9780818607400},
  url        = {http://dx.doi.org/10.1109/SFCS.1986.47},
  urldate    = {2025-05-28},
  language   = {en}
}


@INPROCEEDINGS{GMR85,
  title      = {The knowledge complexity of interactive proof-systems},
  author     = {Goldwasser, S and Micali, S and Rackoff, C},
  booktitle  = {Proceedings of the seventeenth annual ACM symposium on Theory of
                computing - STOC '85},
  publisher  = {ACM Press},
  location   = {New York, New York, USA},
  eventtitle = {the seventeenth annual ACM symposium},
  venue      = {Providence, Rhode Island, United States},
  pages      = {291--304},
  date       = {1985},
  doi        = {10.1145/22145.22178},
  url        = {http://dx.doi.org/10.1145/22145.22178}
}


@INPROCEEDINGS{Babai1985,
  title      = {Trading group theory for randomness},
  author     = {Babai, L},
  booktitle  = {Proceedings of the seventeenth annual ACM symposium on Theory of
                computing - STOC '85},
  publisher  = {ACM Press},
  location   = {New York, New York, USA},
  eventtitle = {the seventeenth annual ACM symposium},
  venue      = {Providence, Rhode Island, United States},
  pages      = {421--429},
  date       = {1985},
  doi        = {10.1145/22145.22192},
  url        = {http://dx.doi.org/10.1145/22145.22192}
}


@ONLINE{history-of-PCP,
  title     = {A history of the {PCP} Theorem},
  author    = {O'Donnell, Ryan},
  booktitle = {A history of the PCP Theorem},
  url       = {https://courses.cs.washington.edu/courses/cse533/05au/pcp-history.pdf},
  urldate   = {2025-05-28}
}

@ARTICLE{Levin1973,
  title        = {Universal Sequential Search Problems},
  author       = {Levin, Leonid Anatolievich},
  journaltitle = {Problems of Information Transmission (translated from Problemy
                  Peredachi Informatsii (Russian))},
  volume       = {9},
  issue        = {3},
  pages        = {115--116},
  date         = {1973},
  url          = {https://www.mathnet.ru/php/archive.phtml?wshow=paper&jrnid=ppi&paperid=914&option_lang=eng},
  urldate      = {2025-05-15}
}

@ARTICLE{BLR93,
  title        = {Self-testing/correcting with applications to numerical
                  problems},
  author       = {Blum, Manuel and Luby, Michael and Rubinfeld, Ronitt},
  journaltitle = {Journal of Computer and System Sciences},
  volume       = {47},
  issue        = {3},
  pages        = {549--595},
  date         = {1993},
  doi          = {10.1016/0022-0000(93)90044-W},
  issn         = {0022-0000},
  url          = {http://dx.doi.org/10.1016/0022-0000(93)90044-W}
}


@INBOOK{Karp1972,
  title     = {Reducibility among Combinatorial Problems},
  author    = {Karp, Richard M},
  booktitle = {Complexity of Computer Computations},
  publisher = {Springer US},
  location  = {Boston, MA},
  pages     = {85--103},
  date      = {1972},
  doi       = {10.1007/978-1-4684-2001-2_9},
  isbn      = {9781468420036,9781468420012},
  url       = {http://dx.doi.org/10.1007/978-1-4684-2001-2_9},
  urldate   = {2025-05-15},
  language  = {en}
}


@INPROCEEDINGS{Cook1971,
  title      = {The complexity of theorem-proving procedures},
  author     = {Cook, Stephen A},
  booktitle  = {Proceedings of the third annual ACM symposium on Theory of
                computing - STOC '71},
  publisher  = {ACM Press},
  location   = {New York, New York, USA},
  eventtitle = {the third annual ACM symposium},
  venue      = {Shaker Heights, Ohio, United States},
  date       = {1971},
  doi        = {10.1145/800157.805047},
  url        = {http://dx.doi.org/10.1145/800157.805047},
  urldate    = {2025-05-15},
  language   = {en}
}



@ARTICLE{AKS04,
  title        = {{PRIMES} is in {P}},
  author       = {Agrawal, Manindra and Kayal, Neeraj and Saxena, Nitin},
  journaltitle = {Annals of mathematics},
  publisher    = {Annals of Mathematics},
  volume       = {160},
  issue        = {2},
  pages        = {781--793},
  date         = {2004-09-01},
  doi          = {10.4007/annals.2004.160.781},
  issn         = {0003-486X,1939-8980},
  url          = {https://doi.org/10.4007/annals.2004.160.781},
  urldate      = {2025-02-28},
  language     = {en}
}


@ARTICLE{Din07,
  title        = {The {PCP} theorem by gap amplification},
  author       = {Dinur, Irit},
  journaltitle = {Journal of the ACM},
  publisher    = {Association for Computing Machinery},
  location     = {New York, NY, USA},
  volume       = {54},
  issue        = {3},
  pages        = {12--es},
  date         = {2007-06-01},
  doi          = {10.1145/1236457.1236459},
  issn         = {0004-5411},
  url          = {https://doi.org/10.1145/1236457.1236459}
}

@ARTICLE{AroraS98,
  title        = {Probabilistic checking of proofs: a new characterization of
                  {NP}},
  author       = {Arora, Sanjeev and Safra, Shmuel},
  journaltitle = {Journal of the ACM},
  publisher    = {Association for Computing Machinery},
  location     = {New York, NY, USA},
  volume       = {45},
  issue        = {1},
  pages        = {70--122},
  date         = {1998-01-01},
  doi          = {10.1145/273865.273901},
  issn         = {0004-5411},
  url          = {https://doi.org/10.1145/273865.273901}
}

@ARTICLE{AroraLMSS98,
  title        = {Proof verification and the hardness of approximation problems},
  author       = {Arora, Sanjeev and Lund, Carsten and Motwani, Rajeev and
                  Sudan, Madhu and Szegedy, Mario},
  journaltitle = {Journal of the ACM},
  publisher    = {Association for Computing Machinery},
  location     = {New York, NY, USA},
  volume       = {45},
  issue        = {3},
  pages        = {501--555},
  date         = {1998-05-01},
  doi          = {10.1145/278298.278306},
  issn         = {0004-5411},
  url          = {https://doi.org/10.1145/278298.278306}
}

@ARTICLE{ReingoldVW02,
  title        = {Entropy Waves, the Zig-Zag Graph Product, and New
                  Constant-Degree Expanders},
  author       = {Reingold, Omer and Vadhan, Salil and Wigderson, Avi},
  journaltitle = {Annals of mathematics},
  volume       = {155},
  issue        = {1},
  pages        = {157},
  date         = {2002-01},
  doi          = {10.2307/3062153},
  issn         = {0003-486X},
  url          = {http://dx.doi.org/10.2307/3062153}
}
